<record><leader>00829nam a2200241Ia 4500</leader><controlfield tag="001">008858115</controlfield><controlfield tag="003">MiAaHDL</controlfield><controlfield tag="005">20100920000000.0</controlfield><controlfield tag="006">m        d        </controlfield><controlfield tag="007">cr bn ---auaua</controlfield><controlfield tag="008">860924t19231920nyua          000 0 eng d</controlfield><datafield tag="035" ind1=" " ind2=" "><subfield code="a">sdr-chi3260818</subfield></datafield><datafield tag="035" ind1=" " ind2=" "><subfield code="a">(OCoLC)14256382</subfield></datafield><datafield tag="040" ind1=" " ind2=" "><subfield code="a">MET</subfield><subfield code="c">MET</subfield><subfield code="d">CGU</subfield></datafield><datafield tag="049" ind1=" " ind2=" "><subfield code="a">CGUA</subfield></datafield><datafield tag="096" ind1=" " ind2=" "><subfield code="a">WB 100 O82p 1923</subfield></datafield><datafield tag="099" ind1=" " ind2=" "><subfield code="a">RC46.O81</subfield></datafield><datafield tag="100" ind1="1" ind2=" "><subfield code="a">Osler, William,</subfield><subfield code="c">Sir,</subfield><subfield code="d">1849-1919</subfield></datafield><datafield tag="245" ind1="1" ind2="4"><subfield code="a">The principles and practice of medicine:</subfield><subfield code="b">designed for the use of practitioners and students of medicine/</subfield><subfield code="c">by the late Sir William Osler and Thomas McCrae.</subfield></datafield><datafield tag="250" ind1=" " ind2=" "><subfield code="a">9th thoroughly rev. ed.</subfield></datafield><datafield tag="260" ind1=" " ind2=" "><subfield code="a">New York: D. Appleton,</subfield><subfield code="c">1923, c1920.</subfield></datafield><datafield tag="300" ind1=" " ind2=" "><subfield code="a">xxiv, 1168 p. :</subfield><subfield code="b">ill.;</subfield><subfield code="c">24 cm.</subfield></datafield><datafield tag="500" ind1=" " ind2=" "><subfield code="a">Includes index.</subfield></datafield><datafield tag="538" ind1=" " ind2=" "><subfield code="a">Mode of access: Internet.</subfield></datafield><datafield tag="650" ind1=" " ind2="0"><subfield code="a">Medicine</subfield><subfield code="x">Practice</subfield></datafield><datafield tag="650" ind1=" " ind2="2"><subfield code="a">Medicine</subfield></datafield><datafield tag="700" ind1="1" ind2=" "><subfield code="a">McCrae, Thomas,</subfield><subfield code="d">1870-1935.</subfield></datafield><datafield tag="CID" ind1=" " ind2=" "><subfield code="a">008858115</subfield></datafield><datafield tag="DAT" ind1="0" ind2=" "><subfield code="a">20100408111700.0</subfield><subfield code="b">20100920000000.0</subfield></datafield><datafield tag="DAT" ind1="1" ind2=" "><subfield code="a">20120814080741.0</subfield><subfield code="b">2022-04-21T17:30:36Z</subfield></datafield><datafield tag="CAT" ind1=" " ind2=" "><subfield code="a">SDR-CHI</subfield><subfield code="d">UNKNOWN</subfield><subfield code="l">loader.pl-001-001</subfield></datafield><datafield tag="FMT" ind1=" " ind2=" "><subfield code="a">BK</subfield></datafield><datafield tag="HOL" ind1=" " ind2=" "><subfield code="0">sdr-chi3260818</subfield><subfield code="a">chi</subfield><subfield code="b">SDR</subfield><subfield code="c">CHI</subfield><subfield code="p">chi.72612798</subfield><subfield code="s">CHI</subfield><subfield code="z">c.1</subfield><subfield code="1">3260818</subfield></datafield><datafield tag="974" ind1=" " ind2=" "><subfield code="b">CHI</subfield><subfield code="c">CHI</subfield><subfield code="d">20220421</subfield><subfield code="s">google</subfield><subfield code="u">chi.72612798</subfield><subfield code="z">c.1</subfield><subfield code="y">1920</subfield><subfield code="r">pd</subfield><subfield code="q">bib</subfield><subfield code="t">US bib date2, date type t &lt; 1927</subfield></datafield></record>